<record><leader>00000cas a22000007a 4500</leader><controlfield tag="001">27694032</controlfield><controlfield tag="008">930309d18851929ncudn ne      0    0eng d</controlfield><datafield ind1=" " ind2=" " tag="010"><subfield code="a">sn 93065753 </subfield></datafield><datafield ind1=" " ind2=" " tag="040"><subfield code="a">NVJ</subfield><subfield code="b">eng</subfield><subfield code="c">NVJ</subfield><subfield code="d">OCL</subfield><subfield code="d">OCLCQ</subfield></datafield><datafield ind1=" " ind2=" " tag="042"><subfield code="a">msc</subfield></datafield><datafield ind1="0" ind2="0" tag="245"><subfield code="a">Goldsboro daily argus.</subfield></datafield><datafield ind1="1" ind2="3" tag="246"><subfield code="a">Daily argus</subfield></datafield><datafield ind1=" " ind2=" " tag="260"><subfield code="a">Goldsboro, N.C. :</subfield><subfield code="b">L.M. Nash</subfield></datafield><datafield ind1=" " ind2=" " tag="300"><subfield code="a">v.</subfield></datafield><datafield ind1=" " ind2=" " tag="310"><subfield code="a">Daily (except Sunday)</subfield></datafield><datafield ind1="1" ind2=" " tag="362"><subfield code="a">Began in 1885.</subfield></datafield><datafield ind1="0" ind2=" " tag="362"><subfield code="a">-v. 89, no. 142 (Sept. 21, 1929).</subfield></datafield><datafield ind1=" " ind2=" " tag="580"><subfield code="a">Weekly eds.: Goldsboro weekly argus, &lt;1886&gt;-1909, and Goldsboro weekly argus (Goldsboro, N.C. : 1914).</subfield></datafield><datafield ind1=" " ind2=" " tag="580"><subfield code="a">Semiweekly ed.: Goldsboro semi-weekly argus, 1909-</subfield></datafield><datafield ind1=" " ind2=" " tag="588"><subfield code="a">Description based on: Vol. 1, no. 12 (Apr. 19, 1885).</subfield></datafield><datafield ind1=" " ind2=" " tag="752"><subfield code="a">United States</subfield><subfield code="b">North Carolina</subfield><subfield code="c">Wayne</subfield><subfield code="d">Goldsboro.</subfield></datafield><datafield ind1="1" ind2=" " tag="775"><subfield code="t">Goldsboro weekly argus</subfield><subfield code="w">(DLC)sn 84020751</subfield><subfield code="w">(OCoLC)11506308</subfield></datafield><datafield ind1="1" ind2=" " tag="775"><subfield code="t">Goldsboro semi-weekly argus</subfield><subfield code="w">(DLC)sn 91068341</subfield><subfield code="w">(OCoLC)24417459</subfield></datafield><datafield ind1="1" ind2=" " tag="775"><subfield code="t">Goldsboro weekly argus (Goldsboro, N.C. : 1914)</subfield><subfield code="w">(DLC)sn 95072297</subfield></datafield><datafield ind1="0" ind2="7" tag="785"><subfield code="t">Goldsboro news (Goldsboro, N.C. : 1925)</subfield><subfield code="w">(DLC)sn 93064755</subfield></datafield><datafield ind1="0" ind2="7" tag="785"><subfield code="t">Goldsboro news-argus</subfield><subfield code="w">(DLC)sn 84026468</subfield><subfield code="w">(OCoLC)10454274</subfield></datafield></record>